<record xmlns='http://www.loc.gov/MARC21/slim'><leader>02400nas a2200637 a 4500</leader><controlfield tag='005'>20180315124534.0</controlfield><controlfield tag='008'>920331u19449999caumr1p       0   a0eng d</controlfield><controlfield tag='001'>991028942379703811</controlfield><datafield ind1=' ' ind2=' ' tag='010'><subfield code='a'>46032251 //r923</subfield><subfield code='z'>sn 82000433</subfield><subfield code='z'>sc 82003005</subfield></datafield><datafield ind1='0' ind2=' ' tag='022'><subfield code='a'>0730-9481</subfield></datafield><datafield ind1=' ' ind2=' ' tag='035'><subfield code='a'>(PPT)b15959843-01tuli_inst</subfield></datafield><datafield ind1=' ' ind2=' ' tag='035'><subfield code='a'>ocn476771889</subfield><subfield code='9'>ExL</subfield></datafield><datafield ind1=' ' ind2=' ' tag='035'><subfield code='a'>PATG92-S02141</subfield></datafield><datafield ind1=' ' ind2=' ' tag='035'><subfield code='a'>ocm04722356</subfield></datafield><datafield ind1=' ' ind2=' ' tag='035'><subfield code='a'>(OCLC)ocm04722356</subfield></datafield><datafield ind1=' ' ind2=' ' tag='040'><subfield code='a'>TxArU</subfield><subfield code='c'>TxArU</subfield><subfield code='d'>PPiU</subfield><subfield code='d'>NSDP</subfield><subfield code='d'>TxU</subfield><subfield code='d'>DLC</subfield><subfield code='d'>NST</subfield><subfield code='d'>AIP</subfield><subfield code='d'>NSDP</subfield><subfield code='d'>AIP</subfield><subfield code='d'>NSDP</subfield><subfield code='d'>DLC</subfield><subfield code='d'>NST</subfield><subfield code='d'>DLC</subfield><subfield code='d'>NSDP</subfield><subfield code='d'>DLC</subfield><subfield code='d'>CStRLIN</subfield><subfield code='d'>PPT</subfield></datafield><datafield ind1=' ' ind2=' ' tag='042'><subfield code='a'>lc</subfield><subfield code='a'>nsdp</subfield></datafield><datafield ind1=' ' ind2=' ' tag='079'><subfield code='a'>ocm04722356</subfield></datafield><datafield ind1=' ' ind2=' ' tag='090'><subfield code='a'>NA1.A85</subfield></datafield><datafield ind1='0' ind2=' ' tag='210'><subfield code='a'>Arts archit.</subfield></datafield><datafield ind1='1' ind2='0' tag='222'><subfield code='a'>Arts + architecture</subfield></datafield><datafield ind1='0' ind2='0' tag='245'><subfield code='a'>Arts &amp; architecture.</subfield></datafield><datafield ind1='1' ind2='0' tag='246'><subfield code='a'>Arts + architecture</subfield></datafield><datafield ind1='1' ind2='3' tag='246'><subfield code='a'>Arts and architecture</subfield></datafield><datafield ind1=' ' ind2=' ' tag='260'><subfield code='a'>Los Angeles :</subfield><subfield code='b'>Arts and Architecture,</subfield><subfield code='c'>[1944-</subfield></datafield><datafield ind1=' ' ind2=' ' tag='300'><subfield code='a'>v. :</subfield><subfield code='b'>ill., plans ;</subfield><subfield code='c'>33-36 cm.</subfield></datafield><datafield ind1=' ' ind2=' ' tag='310'><subfield code='a'>Monthly</subfield></datafield><datafield ind1='0' ind2=' ' tag='362'><subfield code='a'>Vol. 61, no. 2 (Feb. 1944)-v. 84, no. 7/8 (July/Aug. 1967); new ser., v. 1, no. 1 (fall 1981)-</subfield></datafield><datafield ind1=' ' ind2=' ' tag='500'><subfield code='a'>Title from cover.</subfield></datafield><datafield ind1=' ' ind2=' ' tag='500'><subfield code='a'>Imprint varies.</subfield></datafield><datafield ind1=' ' ind2=' ' tag='500'><subfield code='a'>Vols. for fall 1981-&lt;July 1985&gt; have title: Arts + architecture.</subfield></datafield><datafield ind1='2' ind2=' ' tag='510'><subfield code='a'>Architectural periodicals index</subfield><subfield code='x'>0033-6912</subfield><subfield code='b'>1944-1967</subfield></datafield><datafield ind1='2' ind2=' ' tag='510'><subfield code='a'>Avery index to architectural periodicals. Second edition. Revised and enlarged. Supplement</subfield><subfield code='x'>0196-0008</subfield></datafield><datafield ind1=' ' ind2=' ' tag='530'><subfield code='a'>Available on microfilm.</subfield></datafield><datafield ind1=' ' ind2='0' tag='650'><subfield code='a'>Architecture</subfield><subfield code='x'>Periodicals.</subfield></datafield><datafield ind1='1' ind2=' ' tag='776'><subfield code='t'>Arts and architecture</subfield></datafield><datafield ind1='0' ind2='0' tag='780'><subfield code='t'>California arts and architecture</subfield><subfield code='w'>(DLC)sf 83003072</subfield></datafield><datafield ind1=' ' ind2=' ' tag='907'><subfield code='a'>.b15959843</subfield><subfield code='b'>k    </subfield><subfield code='c'>-</subfield></datafield><datafield ind1=' ' ind2=' ' tag='935'><subfield code='a'>00652277</subfield></datafield><datafield ind1=' ' ind2=' ' tag='945'><subfield code='l'>kstk </subfield><subfield code='u'>v.v.73 (1956); Missing no.1-2, 5-7</subfield><subfield code='g'>1</subfield></datafield><datafield ind1=' ' ind2=' ' tag='945'><subfield code='l'>kstk </subfield><subfield code='u'>v.v.74 (1957)</subfield><subfield code='g'>1</subfield></datafield><datafield ind1=' ' ind2=' ' tag='945'><subfield code='l'>kstk </subfield><subfield code='u'>v.v.75 (1958); Missing no.8-11 (Aug.-Nov. 1958)</subfield><subfield code='g'>1</subfield></datafield><datafield ind1=' ' ind2=' ' tag='945'><subfield code='l'>kstk </subfield><subfield code='u'>v.v.76 (1959)</subfield><subfield code='g'>1</subfield></datafield><datafield ind1=' ' ind2=' ' tag='945'><subfield code='l'>kstk </subfield><subfield code='u'>v.v.77 (1960)</subfield><subfield code='g'>1</subfield></datafield><datafield ind1=' ' ind2=' ' tag='945'><subfield code='l'>kstk </subfield><subfield code='u'>v.v.78 (1961)</subfield><subfield code='g'>1</subfield></datafield><datafield ind1=' ' ind2=' ' tag='945'><subfield code='l'>kstk </subfield><subfield code='u'>v.v.79 (1962)</subfield><subfield code='g'>1</subfield></datafield><datafield ind1=' ' ind2=' ' tag='945'><subfield code='l'>kstk </subfield><subfield code='u'>v.v.80 (1963)</subfield><subfield code='g'>1</subfield></datafield><datafield ind1=' ' ind2=' ' tag='945'><subfield code='l'>kstk </subfield><subfield code='u'>v.v.81 (1964)</subfield><subfield code='g'>1</subfield></datafield><datafield ind1=' ' ind2=' ' tag='945'><subfield code='l'>kstk </subfield><subfield code='u'>v.v.82 (1965)</subfield><subfield code='g'>1</subfield></datafield><datafield ind1=' ' ind2=' ' tag='945'><subfield code='l'>kstk </subfield><subfield code='u'>v.v.83 (1966)</subfield><subfield code='g'>1</subfield></datafield><datafield ind1=' ' ind2=' ' tag='945'><subfield code='l'>kstk </subfield><subfield code='u'>v.v.83, no.12; v.84 (1967)</subfield><subfield code='g'>1</subfield></datafield><datafield ind1=' ' ind2=' ' tag='950'><subfield code='l'>P</subfield><subfield code='v'>v.80-83 ;</subfield><subfield code='y'>1963-66.</subfield><subfield code='f'>PER.</subfield><subfield code='i'>03/31/92 N</subfield></datafield><datafield ind1=' ' ind2=' ' tag='955'><subfield code='l'>P</subfield><subfield code='c'>0:(v.80:1963)</subfield><subfield code='a'>REF-1</subfield><subfield code='i'>03/31/92 C</subfield></datafield><datafield ind1=' ' ind2=' ' tag='979'><subfield code='a'>ocm04722356</subfield></datafield><datafield ind1=' ' ind2=' ' tag='998'><subfield code='b'>2</subfield><subfield code='c'>990101</subfield><subfield code='d'>s</subfield><subfield code='e'>a</subfield><subfield code='f'>-</subfield><subfield code='g'>0</subfield></datafield><datafield ind1=' ' ind2=' ' tag='998'><subfield code='a'>03/31/92</subfield><subfield code='t'>c</subfield><subfield code='s'>9110</subfield><subfield code='n'>PPT</subfield><subfield code='w'>DCLC4632251S</subfield><subfield code='d'>03/31/92</subfield><subfield code='c'>JU</subfield><subfield code='b'>MK</subfield><subfield code='i'>920331</subfield><subfield code='l'>PATG</subfield></datafield><datafield ind1=' ' ind2=' ' tag='ADM'><subfield code='b'>2018-03-15 16:45:34</subfield><subfield code='e'>b15959843-01tuli_inst</subfield><subfield code='d'>ILS</subfield><subfield code='a'>2017-06-20 11:09:21</subfield><subfield code='c'>false</subfield></datafield><datafield ind1='0' ind2=' ' tag='HLD'><subfield code='b'>KARDON</subfield><subfield code='c'>p_remote</subfield><subfield code='h'>NA1.A85</subfield><subfield code='x'>INT. NOTE: PER. | RETENTION: -</subfield><subfield code='8'>22309453520003811</subfield><subfield code='updated'>2017-06-20 11:09:46</subfield><subfield code='created'>2017-06-20 11:09:21</subfield></datafield><datafield ind1=' ' ind2='0' tag='HLD866'><subfield code='a'>v.80-83   1963-66.</subfield><subfield code='8'>22309453520003811</subfield></datafield><datafield ind1=' ' ind2=' ' tag='ITM'><subfield code='r'>22309453520003811</subfield><subfield code='b'>1</subfield><subfield code='h'>0</subfield><subfield code='g'>p_remote</subfield><subfield code='t'>ISSUE</subfield><subfield code='9'>39074019043116</subfield><subfield code='e'>p_remote</subfield><subfield code='8'>23309453410003811</subfield><subfield code='c'>v.83 (1966)</subfield><subfield code='a'>2</subfield><subfield code='q'>2017-06-20 11:09:21</subfield><subfield code='i'>NA1.A85</subfield><subfield code='d'>KARDON</subfield><subfield code='f'>KARDON</subfield></datafield><datafield ind1=' ' ind2=' ' tag='ITM'><subfield code='r'>22309453520003811</subfield><subfield code='b'>1</subfield><subfield code='h'>0</subfield><subfield code='g'>p_remote</subfield><subfield code='t'>ISSUE</subfield><subfield code='9'>39074019043108</subfield><subfield code='e'>p_remote</subfield><subfield code='8'>23309453400003811</subfield><subfield code='c'>v.83, no.12  v.84 (1967)</subfield><subfield code='a'>2</subfield><subfield code='q'>2017-06-20 11:09:21</subfield><subfield code='i'>NA1.A85</subfield><subfield code='d'>KARDON</subfield><subfield code='f'>KARDON</subfield></datafield><datafield ind1=' ' ind2=' ' tag='ITM'><subfield code='r'>22309453520003811</subfield><subfield code='b'>1</subfield><subfield code='h'>0</subfield><subfield code='g'>p_remote</subfield><subfield code='t'>ISSUE</subfield><subfield code='9'>39074019043090</subfield><subfield code='e'>p_remote</subfield><subfield code='8'>23309453420003811</subfield><subfield code='c'>v.82 (1965)</subfield><subfield code='a'>2</subfield><subfield code='q'>2017-06-20 11:09:21</subfield><subfield code='i'>NA1.A85</subfield><subfield code='d'>KARDON</subfield><subfield code='f'>KARDON</subfield></datafield><datafield ind1=' ' ind2=' ' tag='ITM'><subfield code='r'>22309453520003811</subfield><subfield code='b'>1</subfield><subfield code='h'>0</subfield><subfield code='g'>p_remote</subfield><subfield code='t'>ISSUE</subfield><subfield code='9'>39074019043066</subfield><subfield code='e'>p_remote</subfield><subfield code='8'>23309453440003811</subfield><subfield code='c'>v.80 (1963)</subfield><subfield code='a'>2</subfield><subfield code='q'>2017-06-20 11:09:21</subfield><subfield code='i'>NA1.A85</subfield><subfield code='d'>KARDON</subfield><subfield code='f'>KARDON</subfield></datafield><datafield ind1=' ' ind2=' ' tag='ITM'><subfield code='r'>22309453520003811</subfield><subfield code='b'>1</subfield><subfield code='h'>0</subfield><subfield code='g'>p_remote</subfield><subfield code='t'>ISSUE</subfield><subfield code='9'>39074019043470</subfield><subfield code='e'>p_remote</subfield><subfield code='8'>23309453450003811</subfield><subfield code='c'>v.79 (1962)</subfield><subfield code='a'>2</subfield><subfield code='q'>2017-06-20 11:09:21</subfield><subfield code='i'>NA1.A85</subfield><subfield code='d'>KARDON</subfield><subfield code='f'>KARDON</subfield></datafield><datafield ind1=' ' ind2=' ' tag='ITM'><subfield code='r'>22309453520003811</subfield><subfield code='b'>1</subfield><subfield code='h'>0</subfield><subfield code='g'>p_remote</subfield><subfield code='t'>ISSUE</subfield><subfield code='9'>39074019043025</subfield><subfield code='e'>p_remote</subfield><subfield code='8'>23309453460003811</subfield><subfield code='c'>v.78 (1961)</subfield><subfield code='a'>2</subfield><subfield code='q'>2017-06-20 11:09:21</subfield><subfield code='i'>NA1.A85</subfield><subfield code='d'>KARDON</subfield><subfield code='f'>KARDON</subfield></datafield><datafield ind1=' ' ind2=' ' tag='ITM'><subfield code='r'>22309453520003811</subfield><subfield code='b'>1</subfield><subfield code='h'>0</subfield><subfield code='g'>p_remote</subfield><subfield code='t'>ISSUE</subfield><subfield code='9'>39074019042936</subfield><subfield code='e'>p_remote</subfield><subfield code='8'>23309453470003811</subfield><subfield code='c'>v.77 (1960)</subfield><subfield code='a'>2</subfield><subfield code='q'>2017-06-20 11:09:21</subfield><subfield code='i'>NA1.A85</subfield><subfield code='d'>KARDON</subfield><subfield code='f'>KARDON</subfield></datafield><datafield ind1=' ' ind2=' ' tag='ITM'><subfield code='r'>22309453520003811</subfield><subfield code='b'>1</subfield><subfield code='h'>0</subfield><subfield code='g'>p_remote</subfield><subfield code='t'>ISSUE</subfield><subfield code='9'>39074019042928</subfield><subfield code='e'>p_remote</subfield><subfield code='8'>23309453480003811</subfield><subfield code='c'>v.76 (1959)</subfield><subfield code='a'>2</subfield><subfield code='q'>2017-06-20 11:09:21</subfield><subfield code='i'>NA1.A85</subfield><subfield code='d'>KARDON</subfield><subfield code='f'>KARDON</subfield></datafield><datafield ind1=' ' ind2=' ' tag='ITM'><subfield code='r'>22309453520003811</subfield><subfield code='b'>1</subfield><subfield code='h'>0</subfield><subfield code='g'>p_remote</subfield><subfield code='t'>ISSUE</subfield><subfield code='9'>39074019042910</subfield><subfield code='e'>p_remote</subfield><subfield code='8'>23309453490003811</subfield><subfield code='c'>v.75 (1958)  Missing no.8-11 (Aug.-Nov. 1958)</subfield><subfield code='a'>2</subfield><subfield code='q'>2017-06-20 11:09:21</subfield><subfield code='i'>NA1.A85</subfield><subfield code='d'>KARDON</subfield><subfield code='f'>KARDON</subfield></datafield><datafield ind1=' ' ind2=' ' tag='ITM'><subfield code='r'>22309453520003811</subfield><subfield code='b'>1</subfield><subfield code='h'>0</subfield><subfield code='g'>p_remote</subfield><subfield code='t'>ISSUE</subfield><subfield code='9'>39074019043074</subfield><subfield code='e'>p_remote</subfield><subfield code='8'>23309453430003811</subfield><subfield code='c'>v.81 (1964)</subfield><subfield code='a'>2</subfield><subfield code='q'>2017-06-20 11:09:21</subfield><subfield code='i'>NA1.A85</subfield><subfield code='d'>KARDON</subfield><subfield code='f'>KARDON</subfield></datafield><datafield ind1=' ' ind2=' ' tag='ITM'><subfield code='r'>22309453520003811</subfield><subfield code='b'>1</subfield><subfield code='h'>0</subfield><subfield code='g'>p_remote</subfield><subfield code='t'>ISSUE</subfield><subfield code='9'>39074019042944</subfield><subfield code='e'>p_remote</subfield><subfield code='8'>23309453500003811</subfield><subfield code='c'>v.74 (1957)</subfield><subfield code='a'>2</subfield><subfield code='q'>2017-06-20 11:09:21</subfield><subfield code='i'>NA1.A85</subfield><subfield code='d'>KARDON</subfield><subfield code='f'>KARDON</subfield></datafield><datafield ind1=' ' ind2=' ' tag='ITM'><subfield code='r'>22309453520003811</subfield><subfield code='b'>1</subfield><subfield code='h'>0</subfield><subfield code='g'>p_remote</subfield><subfield code='t'>ISSUE</subfield><subfield code='9'>39074019042977</subfield><subfield code='e'>p_remote</subfield><subfield code='8'>23309453510003811</subfield><subfield code='c'>v.73 (1956)  Missing no.1-2, 5-7</subfield><subfield code='a'>2</subfield><subfield code='q'>2017-06-20 11:09:21</subfield><subfield code='i'>NA1.A85</subfield><subfield code='d'>KARDON</subfield><subfield code='f'>KARDON</subfield></datafield></record>